@book{conway2000numbers,
  title={On numbers and games},
  author={Conway, John H},
  year={2000},
  publisher={CRC Press}
}

@book{berlekamp1994mathematical,
  title={Mathematical Go: Chilling gets the last point},
  author={Berlekamp, Elwyn and Wolfe, David},
  year={1994},
  publisher={CRC Press}
}

@article{schleicher2006introduction,
  title={An introduction to Conway's games and numbers},
  author={Schleicher, Dierk and Stoll, Michael},
  journal={Moscow Mathematical Journal},
  volume={6},
  number={2},
  pages={359--388},
  year={2006},
  publisher={Независимый Московский университет--МЦНМО}
}

@article{10.2307/2321899,
 ISSN = {00029890, 19300972},
 URL = {http://www.jstor.org/stable/2321899},
 author = {J. H. Conway},
 journal = {The American Mathematical Monthly},
 number = {6},
 pages = {417--434},
 publisher = {Mathematical Association of America},
 title = {All Games Bright and Beautiful},
 volume = {84},
 year = {1977}
}