@book{conway2000numbers,
  title={On numbers and games},
  author={Conway, John H},
  year={2000},
  publisher={CRC Press}
}

@book{berlekamp1994mathematical,
  title={Mathematical Go: Chilling gets the last point},
  author={Berlekamp, Elwyn and Wolfe, David},
  year={1994},
  publisher={CRC Press}
}

@article{schleicher2006introduction,
  title={An introduction to Conway's games and numbers},
  author={Schleicher, Dierk and Stoll, Michael},
  journal={Moscow Mathematical Journal},
  volume={6},
  number={2},
  pages={359-388},
  year={2006},
  publisher={Независимый Московский университет--МЦНМО}
}